@inproceedings{lim2015hvac,
  title={Hvac-aware occupancy scheduling},
  author={Lim, Boon Ping and {van den Briel}, Menkes and Thi{\'e}baux, Sylvie and Backhaus, Scott and Bent, Russell},
  booktitle={AAAI Conference on Artificial Intelligence (AAAI)},
  pages={4249--4250},
  year={2015}
}

@incollection{lim2015large,
  title={Large Neighborhood Search for Energy Aware Meeting Scheduling in Smart Buildings},
  author={Lim, Boon Ping and {van den Briel}, Menkes and Thi{\'e}baux, Sylvie and Bent, Russell and Backhaus, Scott},
  booktitle={Integration of AI and OR Techniques in Constraint Programming (CPAIOR)},
  pages={240--254},
  year={2015},
  publisher={Springer}
}

@inproceedings{lim2016online,
  title={Online HVAC-Aware Occupancy Scheduling with Adaptive Temperature Control},
  author={Lim, Boon Ping and Hijazi, Hassan and Thi{\'e}baux, Sylvie and {van den Briel}, Menkes},
  booktitle={International Conference on Principles and Practice of Constraint Programming (CP)},
  pages={683--700},
  year={2016},
  organization={Springer}
}

@inproceedings{lim2015hvac_copy,
  title={Hvac-aware occupancy scheduling},
  author={Lim, Boon Ping and {van den Briel}, Menkes and Thi{\'e}baux, Sylvie and Backhaus, Scott and Bent, Russell},
  booktitle={AAAI Conference on Artificial Intelligence (AAAI)},
  pages={4249--4250},
  year={2015}
}

@inproceedings{lim2015hvac_workshop,
  title={Hvac-aware occupancy scheduling},
  author={Lim, Boon Ping and {van den Briel}, Menkes and Thi{\'e}baux, Sylvie and Backhaus, Scott and Bent, Russell},
  booktitle={AAAI Workshop: Artificial Intelligence for Cities},  
  year={2015}
}

@incollection{lim2015large_copy,
  title={Large Neighborhood Search for Energy Aware Meeting Scheduling in Smart Buildings},
  author={Lim, Boon Ping and {van den Briel}, Menkes and Thi{\'e}baux, Sylvie and Bent, Russell and Backhaus, Scott},
  booktitle={Integration of AI and OR Techniques in Constraint Programming (CPAIOR)},
  pages={240--254},
  year={2015},
  publisher={Springer}
}

@inproceedings{lim2016online_copy,
  title={Online HVAC-Aware Occupancy Scheduling with Adaptive Temperature Control},
  author={Lim, Boon Ping and Hijazi, Hassan and Thi{\'e}baux, Sylvie and {van den Briel}, Menkes},
  booktitle={International Conference on Principles and Practice of Constraint Programming (CP)},
  pages={683--700},
  year={2016},
  organization={Springer}
}

@patent{thiebaux2015controlling,
  title={Controlling operation of energy-consuming devices},
  author={Thi{\'e}baux, Sylvie and Lim, Boon Ping and {Van Hentenryck}, Pascal and {van den Briel}, Menkes},
  year={2017},
  month={Jan},  
  note={US2017/0003043 A1}
}




%----------------------------
%  Software & Dataset
%----------------------------

@article{Ipopt,
author = "A. W{\"a}chter and L. T. Biegler",
journal = {Mathematical Programming},
title = {On the Implementation of a Primal-Dual Interior Point Filter Line Search Algorithm for Large-Scale Nonlinear Programming},
volume = "106",
number = "1",
year = 2006
}

@misc{gurobi,
 author = "Gurobi",
 title = "Gurobi Optimizer Reference Manual",
 year = 2014,
 note = "http://www.gurobi.com"
}

@misc{gurobisym,
 author = "Gurobi",
 title = "MIP Symmetry Detection",
 year = 2016,
 note = "https://goo.gl/7qc3k1"
}
% https://www.gurobi.com/documentation/6.5/refman/symmetry.html


@misc{gurobirins,
 author = "Gurobi",
 title = "Relaxation Induced Neighborhood Search (RINS) heuristic frequency",
 year = 2016,
 note = "https://www.gurobi.com/documentation/6.5/refman/rins.html"
}

@article{cplex2009v12,
  title={V12. 1: User's Manual for CPLEX},
  author={CPLEX, IBM ILOG},
  journal={International Business Machines Corporation},
  volume={46},
  number={53},
  pages={157},
  year={2009}
}

@misc{patat02,
author= "{Melbourne University}",
title = "{PATAT 2002 Dataset}",
note= "http://www.or.ms.unimelb.edu.au/timetabling/",
year={2002},
}

%----------------------------
%  Stats & Standard
%----------------------------
@incollection{macDonald2004commercial,
title = "Commercial Sector and Energy Use",
author = "J.Michael MacDonald",
booktitle = "Encyclopedia of Energy ",
publisher = "Elsevier",
year = "2004",
pages = "605 - 616",
isbn = "978-0-12-176480-7"
}

@book{eia2012cbecs,
title = "Commercial buildings energy consumption survey (CBECS)",
author = "Energy Information Administration, Department of Energy, United States Government",
year = "2012",
url = "http://www.eia.gov/consumption/commercial/"
}

@book{pitt2012baseline,
title = "Baseline Energy Consumption and Greenhouse Gas Emissions in Commercial Buildings in Australia -- Part 1 -- Report",
editor = "Pitt and Sherry",
publisher = "Department of Climate Change and Energy Efficiency",
address = "Australia",
year = "2012",
isbn = "978-1-922003-81-2",
url = "http://www.industry.gov.au/Energy/EnergyEfficiency/Non-residentialBuildings/Documents/CBBS-Part-1.pdf"
}

@article{bloomfield1977optimisation,
  title={The optimisation of intermittent heating},
  author={Bloomfield, DP and Fisk, DJ},
  journal={Building and Environment},
  volume={12},
  number={1},
  pages={43--55},
  year={1977}
}

@ONLINE{portland:2012,
author = "{Portland State University}",
title = {Efficient class scheduling conserves energy},
year = {2012},
url = {http://goo.gl/cZwgB}
}

@ONLINE{msu:2009,
author = "{Michigan State University}",
title = {New classroom scheduling methods save energy},
year = {2009},
url = {https://goo.gl/cc5vHD}
}

@ONLINE{ncu:2015,
author = "{North Carolina University}",
title = {Strategic Summer Scheduling Reaps Energy Savings},
year = {2015},
url = {https://goo.gl/2qhHC3}
}

@ONLINE{iowa:2015,
author = "{The University of Iowa}",
title = {Summer savings in the classroom},
year = {2015},
url = {https://now.uiowa.edu/2015/03/summer-savings-classroom}
}

@book{ashrae2013fund,
	author			= "ASHRAE",
	title   		= "ASHRAE handbook: Fundamentals",	
  publisher   = "American Society of Heating, Refrigerating and Air-Conditioning Engineers",
  year        = 2013,
}

@book{ashrae2016sys,
	author			= "ASHRAE",
	title   		= "ASHRAE handbook: Systems and Equipment",	
  publisher   = "American Society of Heating, Refrigerating and Air-Conditioning Engineers",
  year        = 2016,
}

@book{ashrae2015app,
	author			= "ASHRAE",
	title   		= "ASHRAE handbook: HVAC Applications",	
  publisher   = "American Society of Heating, Refrigerating and Air-Conditioning Engineers",
  year        = 2015,
}

@book{ashrae2013thermal,
author={ASHRAE},
  title={ANSI/ASHRAE Standard 55-2013: Thermal Environmental Conditions for Human Occupancy},  
  url={https://books.google.com.au/books?id=AGxFjwEACAAJ},
  year={2013},
  publisher={ASHRAE}
}

%----------------------------
%  Software/Tools
%----------------------------

@article{crawley2000energyplus,
    author = {Drury B. Crawley and Curtis O. Pedersen and Linda K. Lawrie and Frederick C. Winkelmann},
    title = {EnergyPlus: Energy Simulation Program},
    journal = {ASHRAE Journal},
    year = {2000},
    volume = {42},
    pages = {49--56}
}

@book{university2010trnsys,
  title={TRNSYS 17: A Transient System Simulation Program},
  author={Klein, Sanford A and University of Wisconsin--Madison. Solar Energy Laboratory},
  year={2010},
  publisher={Solar Energy Laborataory, University of Wisconsin--Madison},
	url={http://sel.me.wisc.edu/trnsys}
}

@article{hirsch2010equest,
  title={eQUEST: Introductory tutorial, version 3.63},
  author={Hirsch, James J and others},
  journal={Camarillo, CA},
  year={2010}
}

%----------------------------
%  Fundamental
%----------------------------
@article{daniel1990applied,
  title={Applied nonparametric statistics},
  author={Daniel, Wayne W and others},
  year={1990},
  publisher={PWS-Kent Boston}
}

@ONLINE{gurobi16mip,
author = {Gurobi},
title = {Mixed-Integer Programming (MIP) - A Primer on the Basics},
year = {2016},
url = {http://www.gurobi.com/resources/getting-started/mip-basics}
}

@incollection{bixby2000mip,
  title={MIP: Theory and practice--closing the gap},
  author={Bixby, E Robert and Fenelon, Mary and Gu, Zonghao and Rothberg, Ed and Wunderling, Roland},
  booktitle={System modelling and optimization},
  pages={19--49},
  year={2000},
  publisher={Springer}
}

@article{belotti2013mixed,
  title={Mixed-integer nonlinear optimization},
  author={Belotti, Pietro and Kirches, Christian and Leyffer, Sven and Linderoth, Jeff and Luedtke, James and Mahajan, Ashutosh},
  journal={Acta Numerica},
  volume={22},
  pages={1--131},
  year={2013},
  publisher={Cambridge Univ Press}
}

@article{bussieck2003mixed,
  title={Mixed-integer nonlinear programming},
  author={Bussieck, Michael R and Pruessner, Armin},
  year={2003}
}

@article{mccormick1976computability,
  title={Computability of global solutions to factorable nonconvex programs: Part {I-} Convex underestimating problems},
  author={McCormick, Garth P},
  journal={Mathematical programming},
  volume={10},
  number={1},
  pages={147--175},
  year={1976}
}

@book{rossi2006handbook,
  title={Handbook of constraint programming},
  author={Rossi, Francesca and Van Beek, Peter and Walsh, Toby},
  year={2006},
  publisher={Elsevier}
}

@book{hentenryck2009constraint,
  title={Constraint-based local search},
  author={{Van Hentenryck}, Pascal and Michel, Laurent},
  year={2009},
  publisher={The MIT press}
}

@book{hentenryck2009online,
  title={Online stochastic combinatorial optimization},
  author={{Van Hentenryck}, Pascal and Bent, Russell},
  year={2009},
  publisher={The MIT Press}
}

@book{jaillet2012online,
  title={Online Optimization},
  author={Jaillet, Patrick and Wagner, Michael R},
  year={2012},
  publisher={Springer Publishing Company, Incorporated}
}

@article{bubeck2011introduction,
  title={Introduction to online optimization},
  author={Bubeck, S{\'e}bastien},
  journal={Lecture Notes},
  pages={1--86},
  year={2011},
  publisher={Princeton University}
}

@article{bertsimas2011theory,
  title={Theory and applications of robust optimization},
  author={Bertsimas, Dimitris and Brown, David B and Caramanis, Constantine},
  journal={SIAM review},
  volume={53},
  number={3},
  pages={464--501},
  year={2011},
  publisher={SIAM}
}

@article{gabrel2014recent,
  title={Recent advances in robust optimization: An overview},
  author={Gabrel, Virginie and Murat, C{\'e}cile and Thiele, Aur{\'e}lie},
  journal={European Journal of Operational Research},
  volume={235},
  number={3},
  pages={471--483},
  year={2014},
  publisher={Elsevier}
}

%----------------------------
%  Just VAV Systems
%----------------------------

@article{murphy2011high,
  title={High-performance VAV systems},
  author={Murphy, John},
  journal={ASHRAE Journal},
  volume={53},
  number={10},
  pages={18},
  year={2011},
  publisher={American Society of Heating, Refrigeration and Air Conditioning Engineers, Inc.}
}

@article{sekhar1997critical,
  title={A critical evaluation of variable air volume system in hot and humid climates},
  author={Sekhar, SC},
  journal={Energy and Buildings},
  volume={26},
  number={2},
  pages={223--232},
  year={1997},
  publisher={Elsevier}
}

@article{yao2007evaluation,
  title={Evaluation program for the energy-saving of variable-air-volume systems},
  author={Yao, Ye and Lian, Zhiwei and Liu, Weiwei and Hou, Zhijian and Wu, Ming},
  journal={Energy and Buildings},
  volume={39},
  number={5},
  pages={558--568},
  year={2007},
  publisher={Elsevier}
}

%----------------------------
%  HVAC control
%----------------------------
@article{trvcka2010overview,
  title={Overview of HVAC system simulation},
  author={Tr{\v{c}}ka, Marija and Hensen, Jan LM},
  journal={Automation in Construction},
  volume={19},
  number={2},
  pages={93--99},
  year={2010},
  publisher={Elsevier}
}

@article{mirakhorli2016occupancy,
  title={Occupancy behavior based model predictive control for building indoor climate - a critical review},
  author={Mirakhorli, Amin and Dong, Bing},
  journal={Energy and Buildings},
  volume={129},
  pages={499--513},
  year={2016},
  publisher={Elsevier}
}

@article{afram2014theory,
  title={Theory and applications of HVAC control systems--A review of model predictive control (MPC)},
  author={Afram, Abdul and Janabi-Sharifi, Farrokh},
  journal={Building and Environment},
  volume={72},
  pages={343--355},
  year={2014},
  publisher={Elsevier}
}

@article{kolokotsa2001advanced,
  title={Advanced fuzzy logic controllers design and evaluation for buildings' occupants thermal--visual comfort and indoor air quality satisfaction},
  author={Kolokotsa, D and Tsiavos, D and Stavrakakis, GS and Kalaitzakis, K and Antonidakis, E},
  journal={Energy and Buildings},
  volume={33},
  number={6},
  pages={531--543},
  year={2001},
  publisher={Elsevier}
}

@inproceedings{agarwal2011duty,
  title={Duty-cycling buildings aggressively: The next frontier in HVAC control},
  author={Agarwal, Yuvraj and Balaji, Bharathan and Dutta, Seemanta and Gupta, Rajesh K and Weng, Thomas},
  booktitle={Information Processing in Sensor Networks (IPSN)},
  pages={246--257},
  year={2011},
  organization={IEEE}
}

@article{dhummi2011robust,
  title={Robust occupancy-based distributed demand control ventilation},
  author={Dhummi, Vikas and Demetriou, Dustin and Palanthandalam-Madapusi, Harish J and Khalifa, H Ezzat and Isik, Can},
  journal={International Journal of Ventilation},
  volume={9},
  number={4},
  pages={359--369},
  year={2011},
  publisher={Veetech}
}

@article{gruber2015energy,
  title={Energy efficient climate control in office buildings without giving up implementability},
  author={Gruber, Mattias and Tr{\"u}schel, Anders and Dalenb{\"a}ck, Jan-Olof},
  journal={Applied Energy},
  volume={154},
  pages={934--943},
  year={2015},
  publisher={Elsevier}
}

@article{ma2014distributed,
  title={Distributed energy consumption control via real-time pricing feedback in smart grid},
  author={Ma, Kai and Hu, Guoqiang and Spanos, Costas J},
  journal={IEEE Transactions on Control Systems Technology},
  volume={22},
  number={5},
  pages={1907--1914},
  year={2014},
  publisher={IEEE}
}

@article{avci2013model,
  title={Model predictive HVAC load control in buildings using real-time electricity pricing},
  author={Avci, Mesut and Erkoc, Murat and Rahmani, Amir and Asfour, Shihab},
  journal={Energy and Buildings},
  volume={60},
  pages={199--209},
  year={2013},
  publisher={Elsevier}
}

@article{wang2000model,
  title={Model-based optimal control of VAV air-conditioning system using genetic algorithm},
  author={Wang, Shengwei and Jin, Xinqiao},
  journal={Building and Environment},
  volume={35},
  number={6},
  pages={471--487},
  year={2000},
  publisher={Elsevier}
}

@article{mossolly2009optimal,
  title={Optimal control strategy for a multi-zone air conditioning system using a genetic algorithm},
  author={Mossolly, M and Ghali, K and Ghaddar, N},
  journal={Energy},
  volume={34},
  number={1},
  pages={58--66},
  year={2009},
  publisher={Elsevier}
}

@article{griffith1961nonlinear,
  title={A nonlinear programming technique for the optimization of continuous processing systems},
  author={Griffith, Ro E and Stewart, RA},
  journal={Management Science},
  volume={7},
  number={4},
  pages={379--392},
  year={1961},
  publisher={INFORMS}
}

%----------------------------
%  MPC
%----------------------------
@article{oldewurtel2012use,
  title={Use of model predictive control and weather forecasts for energy efficient building climate control},
  author={Oldewurtel, Frauke and Parisio, Alessandra and Jones, Colin N and Gyalistras, Dimitrios and Gwerder, Markus and Stauch, Vanessa and Lehmann, Beat and Morari, Manfred},
  journal={Energy and Buildings},
  volume={45},
  pages={15--27},
  year={2012},
  publisher={Elsevier}
}

@article{oldewurtel2013importance,
  title={Importance of occupancy information for building climate control},
  author={Oldewurtel, Frauke and Sturzenegger, David and Morari, Manfred},
  journal={Applied Energy},
  volume={101},
  pages={521--532},
  year={2013},
  publisher={Elsevier}
}

@inproceedings{oldewurtel2010energy,
  title={Energy efficient building climate control using stochastic model predictive control and weather predictions},
  author={Oldewurtel, Frauke and Parisio, Alessandra and Jones, Colin and Morari, Manfred and Gyalistras, Dimitrios and Gwerder, Markus and Stauch, Vanessa and Lehmann, Beat and Wirth, Katharina},
  booktitle={American Control Conference (ACC)},
  number={EPFL-CONF-169733},
  pages={5100--5105},
  year={2010}
}

@inproceedings{goyal2012effect,
  title={Effect of various uncertainties on the performance of occupancy-based optimal control of HVAC zones},
  author={Goyal, Shri and Ingley, Herbert A and Barooah, Prabir},
  booktitle={Decision and Control (CDC)},
  pages={7565--7570},
  year={2012},
  organization={IEEE}
}

@inproceedings{goyal2013energy,
  title={Energy-efficient control of an air handling unit for a single-zone VAV system},
  author={Goyal, Shri and Barooah, Prabir},
  booktitle={Decision and Control (CDC)},
  pages={4796--4801},
  year={2013},
  organization={IEEE}
}

@article{brooks2015energy,
  title={Energy-efficient control of under-actuated HVAC zones in commercial buildings},
  author={Brooks, Jonathan and Kumar, Saket and Goyal, Siddharth and Subramany, Rahul and Barooah, Prabir},
  journal={Energy and Buildings},
  volume={93},
  pages={160--168},
  year={2015},
  publisher={Elsevier}
}

@inproceedings{parisio2013randomized,
  title={Randomized model predictive control for HVAC systems},
  author={Parisio, Alessandra and Varagnolo, Damiano and Risberg, Daniel and Pattarello, Giorgio and Molinari, Marco and Johansson, Karl H},
  booktitle={ACM Workshop on Embedded Systems For Energy-Efficient Buildings},
  pages={1--8},
  year={2013},
  organization={ACM}
}

@inproceedings{zhang2013scenario,
  title={Scenario-based MPC for energy-efficient building climate control under weather and occupancy uncertainty},
  author={Zhang, Xiaojing and Schildbach, Georg and Sturzenegger, David and Morari, Manfred},
  booktitle={European Control Conference (ECC)},
  pages={1029--1034},
  year={2013},
  organization={IEEE}
}

@inproceedings{nghiem2011receding,
  title={Receding-horizon supervisory control of green buildings},
  author={Nghiem, Truong X and Pappas, George J},
  booktitle={American Control Conference (ACC)},
  pages={4416--4421},
  year={2011},
  organization={IEEE}
}

@inproceedings{ma2011distributed,
  title={A distributed predictive control approach to building temperature regulation},
  author={Ma, Yudong and Anderson, Garrett and Borrelli, Francesco},
  booktitle={American Control Conference (ACC)},
  pages={2089--2094},
  year={2011},
  organization={IEEE}
}

@inproceedings{sun2010integrated,
  title={An integrated control of shading blinds, natural ventilation, and HVAC systems for energy saving and human comfort},
  author={Sun, Biao and Luh, Peter B and Jia, Qing-Shan and Jiang, Ziyan and Wang, Fulin and Song, Chen},
  booktitle={IEEE Conference on Automation Science and Engineering (CASE)},
  pages={7--14},
  year={2010},
  organization={IEEE}
}

@inproceedings{cigler2013beyond,
  title={Beyond theory: the challenge of implementing model predictive control in buildings},
  author={Cigler, Jir{\i} and Gyalistras, Dimitrios and {\v{S}}iroky, Jan and Tiet, V and Ferkl, Luka{\v{s}}},
  booktitle={Rehva World Congress},
  year={2013}
}

%----------------------------
%  Occupancy control + VAV Systems
%----------------------------
@article{zhang2013energy,
  title={Energy savings for occupancy-based control (OBC) of variable-air-volume (VAV) systems},
  author={Zhang, Jian and Liu, G and Lutes, R and Brambley, Michael R},
  journal={Pacific Northwest National Laboratory},
  year={2013}
}

@article{goyal2013occupancy,
  title={Occupancy-based zone-climate control for energy-efficient buildings: Complexity vs. performance},
  author={Goyal, Siddharth and Ingley, Herbert A and Barooah, Prabir},
  journal={Applied Energy},
  volume={106},
  pages={209--221},
  year={2013},
  publisher={Elsevier}
}

@inproceedings{goyal2012zone,
  title={Zone-level control algorithms based on occupancy information for energy efficient buildings},
  author={Goyal, Shri and Ingley, Herbert A and Barooah, Prabir},
  booktitle={American Control Conference (ACC)},
  pages={3063--3068},
  year={2012},
  organization={IEEE}
}

@inproceedings{balaji2013zonepac,
  title={Zonepac: Zonal power estimation and control via hvac metering and occupant feedback},
  author={Balaji, Bharathan and Teraoka, Hidetoshi and Gupta, Rajesh and Agarwal, Yuvraj},
  booktitle={ACM Workshop on Embedded Systems For Energy-Efficient Buildings},
  pages={1--8},
  year={2013},
  organization={ACM}
}

@article{xu2009model,
  title={A model-based optimal ventilation control strategy of multi-zone VAV air-conditioning systems},
  author={Xu, Xinhua and Wang, Shengwei and Sun, Zhongwei and Xiao, Fu},
  journal={Applied Thermal Engineering},
  volume={29},
  number={1},
  pages={91--104},
  year={2009},
  publisher={Elsevier}
}

@article{yang2016building,
title = "Building occupancy diversity and \{HVAC\} (heating, ventilation, and air conditioning) system energy efficiency ",
author = "Zheng Yang and Ali Ghahramani and Burcin Becerik-Gerber",
journal = "Energy",
volume = "109",
pages = "641--649",
year = "2016",
}



%----------------------------
%  Occupancy Detection & Modeling
%----------------------------
@article{page2008generalised,
  title={A generalised stochastic model for the simulation of occupant presence},
  author={Page, Jessen and Robinson, Darren and Morel, Nicolas and Scartezzini, J-L},
  journal={Energy and buildings},
  volume={40},
  number={2},
  pages={83--98},
  year={2008},
  publisher={Elsevier}
}

@article{nguyen2013energy,
  title={Energy intelligent buildings based on user activity: A survey},
  author={Nguyen, Tuan Anh and Aiello, Marco},
  journal={Energy and buildings},
  volume={56},
  pages={244--257},
  year={2013},
  publisher={Elsevier}
}

@article{labeodan2015occupancy,
  title={Occupancy measurement in commercial office buildings for demand-driven control applications - A survey and detection system evaluation},
  author={Labeodan, Timilehin and Zeiler, Wim and Boxem, Gert and Zhao, Yang},
  journal={Energy and Buildings},
  volume={93},
  pages={303--314},
  year={2015},
  publisher={Elsevier}
}

@article{yun2012building,
  title={Building environment analysis based on temperature and humidity for smart energy systems},
  author={Yun, Jaeseok and Won, Kwang-Ho},
  journal={Sensors},
  volume={12},
  number={10},
  pages={13458--13470},
  year={2012},  
}

@inproceedings{hutchins2007modeling,
  title={Modeling count data from multiple sensors: a building occupancy model},
  author={Hutchins, Jon and Ihler, Alexander and Smyth, Padhraic},
  booktitle={Workshop on Computational Advances in Multi-Sensor Adaptive Processing},
  pages={241--244},
  year={2007},
  organization={IEEE}
}

@inproceedings{melfi2011measuring,
  title={Measuring building occupancy using existing network infrastructure},
  author={Melfi, Ryan and Rosenblum, Ben and Nordman, Bruce and Christensen, Ken},
  booktitle={Green Computing Conference and Workshops (IGCC)},
  pages={1--8},
  year={2011},
  organization={IEEE}
}

@article{zeiler2012wireless,
  title={Wireless sensor technology to optimize the occupant's dynamic demand pattern within the building},
  author={Zeiler, Wim and Boxem, Gert and Maaijen, Rik},
  journal={International Conference for Enhanced Building Operations},
  year={2012}
}

@inproceedings{meyn2009sensor,
  title={A sensor-utility-network method for estimation of occupancy in buildings},
  author={Meyn, Sean and Surana, Amit and Lin, Yiqing and Oggianu, Stella M and Narayanan, Satish and Frewen, Thomas A},
  booktitle={Decision and Control (CDC)},
  pages={1494--1500},
  year={2009},
  organization={IEEE}
}

@inproceedings{goldstein2011space,
  title={Space layout in occupant behavior simulation},
  author={Goldstein, Rhys and Tessier, Alex and Khan, Azam},
  booktitle={Building Simulation},
  pages={1073--1080},
  year={2011}
}

@article{nassar2010model,
  title={A model for assessing occupant flow in building spaces},
  author={Nassar, Khaled},
  journal={Automation in Construction},
  volume={19},
  number={8},
  pages={1027--1036},
  year={2010},
  publisher={Elsevier}
}

@inproceedings{chang2013statistical,
  title={Statistical analysis and modeling of occupancy patterns in open-plan offices using measured lighting-switch data},
  author={Chang, Wen-kuei and Hong, Tianzhen},
  booktitle={Building Simulation},
  volume={6},  
  pages={23--32},
  year={2013},
  organization={Springer}
}

@inproceedings{clevenger2006impact,
  title={The impact of the building occupant on energy modeling simulations},
  author={Clevenger, Caroline M and Haymaker, John},
  booktitle={Joint International Conference on Computing and Decision Making in Civil and Building Engineering},
  pages={1--10},
  year={2006}  
}

@inproceedings{yu2010modeling,
  title={Modeling occupancy behavior for energy efficiency and occupants comfort management in intelligent buildings},
  author={Yu, Tina},
  booktitle={International Conference on Machine Learning and Applications (ICMLA)},
  pages={726--731},
  year={2010},
  organization={IEEE}
}

@inproceedings{mamidi2012adaptive,
  title={Adaptive Learning Agents for Sustainable Building Energy Management},
  author={Mamidi, Sunil and Chang, Yu-Han and Maheswaran, Rajiv},
  booktitle={AAAI Conference on Artificial Intelligence (AAAI)},
  year={2012}
}

@inproceedings{mady2011stochastic,
  title={Stochastic Model Predictive Controller for the Integration of Building Use and Temperature Regulation.},
  author={Mady, Alie El-Din and Provan, Gregory and Ryan, Conor and Brown, Kenneth N},
  booktitle={AAAI Conference on Artificial Intelligence (AAAI)},
  year={2011}
}

@article{li2012measuring,
  title={Measuring and monitoring occupancy with an {RFID} based system for demand-driven {HVAC} operations},
  author={Li, Nan and Calis, Gulben and Becerik-Gerber, Burcin},
  journal={Automation in Construction},
  volume={24},
  pages={89--99},
  year={2012},
  publisher={Elsevier}
}

@inproceedings{erickson2010occupancy,
  title={Occupancy based demand response {HVAC} control strategy},
  author={Erickson, Varick L and Cerpa, Alberto E},
  booktitle={ACM Workshop on Embedded Sensing Systems for Energy-Efficiency in Building},
  pages={7--12},
  year={2010},
  organization={ACM}
}

@inproceedings{erickson2009energy,
  title={Energy efficient building environment control strategies using real-time occupancy measurements},
  author={Erickson, Varick L and Lin, Yiqing and Kamthe, Ankur and Brahme, Rohini and Surana, Amit and Cerpa, Alberto E and Sohn, Michael D and Narayanan, Satish},
  booktitle={ACM Workshop on Embedded Sensing Systems for Energy-Efficiency in Buildings},
  pages={19--24},
  year={2009},
  organization={ACM}
}

@inproceedings{agarwal2010occupancy,
  title={Occupancy-driven energy management for smart building automation},
  author={Agarwal, Yuvraj and Balaji, Bharathan and Gupta, Rajesh and Lyles, Jacob and Wei, Michael and Weng, Thomas},
  booktitle={ACM Workshop on Embedded Sensing Systems for Energy-Efficiency in Building},
  pages={1--6},
  year={2010},
  organization={ACM}
}

@inproceedings{liao2011novel,
  title={A novel stochastic agent-based model of building occupancy},
  author={Liao, Chenda and Barooah, Prabir},
  booktitle={American Control Conference (ACC)},
  pages={2095--2100},
  year={2011},
  organization={IEEE}
}

@inproceedings{liao2010integrated,
  title={An integrated approach to occupancy modeling and estimation in commercial buildings},
  author={Liao, Chenda and Barooah, Prabir},
  booktitle={American Control Conference (ACC)},
  pages={3130--3135},
  year={2010},
  organization={IEEE}
}

@inproceedings{dong2009sensor,
  title={Sensor-based occupancy behavioral pattern recognition for energy and comfort management in intelligent buildings},
  author={Dong, Bing and Andrews, Burton},
  booktitle={Building Simulation},
  pages={1444--1451},
  year={2009}
}

@article{lam2009occupancy,
  title={Occupancy detection through an extensive environmental sensor network in an open-plan office building},
  author={Lam, Khee Poh and H{\"o}ynck, Michael and Dong, Bing and Andrews, Burton and Chiou, Yun-Shang and Zhang, Rui and Benitez, Diego and Choi, Joonho and others},
  journal={Building Simulation},
  volume={145},
  pages={1452--1459},
  year={2009}
}

@inproceedings{kamthe2011enabling,
  title={Enabling building energy auditing using adapted occupancy models},
  author={Kamthe, Ankur and Erickson, Varick and Carreira-Perpi{\~n}{\'a}n, Miguel {\'A} and Cerpa, Alberto},
  booktitle={ACM Workshop on Embedded Sensing Systems for Energy-Efficiency in Buildings},
  pages={31--36},
  year={2011},
  organization={ACM}
}

@article{duarte2013revealing,
title = "Revealing occupancy patterns in an office building through the use of occupancy sensor data ",
author = "Carlos Duarte and Kevin Van Den Wymelenberg and Craig Rieger",
journal = "Energy and Buildings ",
volume = "67",
pages = "587--595",
year = "2013",
}

@book{liu2012review,
  title={Review of literature on terminal box control, occupancy sensing technology and multi-zone demand control ventilation (DCV)},
  author={Liu, Guopeng and Zhang, Jian and Dasu, Aravind Raghavendra},
  year={2012},
  publisher={Pacific Northwest National Laboratory}
}

@inproceedings{barakat2016agent,
  title={An agent-based framework to study occupant multi-comfort level in office buildings},
  author={Barakat, Mohammad and Khoury, Hiam},
  booktitle={Winter Simulation Conference},
  pages={1328--1339},
  year={2016},
  organization={IEEE Press}
}

@article{pedersen2017method,
  title={Method for room occupancy detection based on trajectory of indoor climate sensor data},
  author={Pedersen, Theis Heidmann and Nielsen, Kasper Ubbe and Petersen, Steffen},
  journal={Building and Environment},
  volume={115},
  pages={147--156},
  year={2017},
  publisher={Elsevier}
}

@article{nagarathinam2017energy,
  title={Energy efficient thermal comfort in open-plan office buildings},
  author={Nagarathinam, Srinarayana and Doddi, Harish and Vasan, Arunchandar and Sarangan, Venkatesh and Ramakrishna, P Venkata and Sivasubramaniam, Anand},
  journal={Energy and Buildings},
  volume={139},
  pages={476--486},
  year={2017},
  publisher={Elsevier}
}

@inproceedings{hao2016distribution,
  title={Distribution locational real-time pricing based smart building control and management},
  author={Hao, Jun and Dai, Xiaoxiao and Zhang, Yingchen and Zhang, Jun and Gao, Wenzhong},
  booktitle={North American Power Symposium (NAPS)},
  pages={1--6},
  year={2016},
  organization={IEEE}
}


%----------------------------
% RC Network
%----------------------------
@article{gouda2000low,
  title={Low-order model for the simulation of a building and its heating system},
  author={Gouda, MM and Danaher, S and Underwood, CP},
  journal={Building Services Engineering Research and Technology},
  volume={21},
  number={3},
  pages={199--208},
  year={2000},
  publisher={SAGE Publications}
}

@article{gouda2002building,
  title={Building thermal model reduction using nonlinear constrained optimization},
  author={Gouda, MM and Danaher, S and Underwood, CP},
  journal={Building and Environment},
  volume={37},
  number={12},
  pages={1255--1265},
  year={2002},
  publisher={Elsevier}
}

@article{goyal2012method,
  title={A method for model-reduction of non-linear thermal dynamics of multi-zone buildings},
  author={Goyal, Siddharth and Barooah, Prabir},
  journal={Energy and Buildings},
  volume={47},
  pages={332--340},
  year={2012},
  publisher={Elsevier}
}

@inproceedings{goyal2011identification,
  title={Identification of multi-zone building thermal interaction model from data},
  author={Goyal, Siddharth and Liao, Chenda and Barooah, Prabir},
  booktitle={Decision and Control and European Control Conference (CDC-ECC)},
  pages={181--186},
  year={2011},
  organization={IEEE}
}

@inproceedings{deng2010building,
  title={Building thermal model reduction via aggregation of states},
  author={Deng, Kun and Barooah, Prabir and Mehta, Prashant G and Meyn, Sean P},
  booktitle={American Control Conference (ACC)},
  pages={5118--5123},
  year={2010},
  organization={IEEE}
}

@article{ghosh2015modeling,
  title={Modeling the Thermal Dynamics of Buildings: A Latent-Force-Model-Based Approach},
  author={Ghosh, Siddhartha and Reece, Steve and Rogers, Alex and Roberts, Stephen and Malibari, Areej and Jennings, Nicholas R},
  journal={ACM Transactions on Intelligent Systems and Technology (TIST)},
  volume={6},
  number={1},
  pages={7},
  year={2015},
  publisher={ACM}
}

@inproceedings{sturzenegger2014brcm,
  title={BRCM Matlab toolbox: Model generation for model predictive building control},
  author={Sturzenegger, David and Gyalistras, Dimitrios and Semeraro, Vito and Morari, Manfred and Smith, Roy S},
  booktitle={American Control Conference (ACC)},
  pages={1063--1069},
  year={2014},
  organization={IEEE}
}

@inproceedings{dobbs2012automatic,
  title={Automatic model reduction in architecture: a window into building thermal structure},
  author={Dobbs, Justin R and Hency, BM},
  booktitle={Building Simulation},
  pages={1--3},
  year={2012}
}

@article{ma2012demand,
  title={Demand reduction in building energy systems based on economic model predictive control},
  author={Ma, Jingran and Qin, Joe and Salsbury, Timothy and Xu, Peng},
  journal={Chemical Engineering Science},
  volume={67},
  number={1},
  pages={92--100},
  year={2012},
  publisher={Elsevier}
}

@inproceedings{eisenhower2012uncertainty,
  title={Uncertainty in the energy dynamics of commercial office buildings},
  author={Eisenhower, Bryan and Mezic, Igor},
  booktitle={Decision and Control (CDC)},
  pages={6945--6950},
  year={2012},
  organization={IEEE}
}

@inproceedings{radecki2012online,
  title={Online building thermal parameter estimation via unscented Kalman filtering},
  author={Radecki, Peter and Hencey, Brandon},
  booktitle={American Control Conference (ACC)},
  pages={3056--3062},
  year={2012},
  organization={IEEE}
}

@inproceedings{sturzenegger2012semi,
  title={Semi-automated modular modeling of buildings for model predictive control},
  author={Sturzenegger, David and Gyalistras, Dimitrios and Morari, Manfred and Smith, Roy S},
  booktitle={ACM Workshop on Embedded Sensing Systems for Energy-Efficiency in Buildings},
  pages={99--106},
  year={2012},
  organization={ACM}
}

@article{kramer2012simplified,
title = "Simplified thermal and hygric building models: A literature review ",
journal = "Frontiers of Architectural Research ",
volume = "1",
number = "4",
pages = "318 - 325",
year = "2012",
author = "Rick Kramer and Jos van Schijndel and Henk Schellen",
}

@article{mitalas1967room,
  title={Room thermal response factors},
  author={Mitalas, GP and Stephenson, Donald George},
  journal={ASHRAE transactions},
  volume={73},
  number={1},
  pages={1--10},
  year={1967}
}

@book{clarke1985energy,
  title={Energy simulation in building design},
  author={Clarke, Joe A},
  year={1985},
  publisher={Routledge}
}

@article{stephenson1971calculation,
  title={Calculation of heat conduction transfer functions for multi-layers slabs},
  author={Stephenson, Donald George and Mitalas, GP},
  journal={Air Cond. Engrs. Transactions},
  volume={77},
  year={1971},
  publisher={National Research Council of Canada, Ottawa}
}

@article{crabb1987simplified,
  title={A simplified thermal response model},
  author={Crabb, JA and Murdoch, N and Penman, JM},
  journal={Building Services Engineering Research and Technology},
  volume={8},
  number={1},
  pages={13--19},
  year={1987},
  publisher={SAGE Publications}
}

@article{zhou2016quantitative,
  title={Quantitative Comparison of Data-Driven and Physics-Based Models for Commercial Building HVAC Systems},
  author={Zhou, Datong and Hu, Qie and Tomlin, Claire J},
	year={2016}
}

%----------------------------
%  Occupant Thermal Comfort
%----------------------------
@article{ye2006field,
  title={Field study of a thermal environment and adaptive model in Shanghai},
  author={Ye, XJ and Zhou, ZP and Lian, ZW and Liu, HM and Li, CZ and Liu, YM},
  journal={Indoor Air},
  volume={16},
  number={4},
  pages={320--326},
  year={2006},
  publisher={Wiley Online Library}
}

@article{fanger1970thermal,
  title={Thermal comfort analysis and applications in environmental engineering},
  author={Fanger, Poul O and others},
  journal={Thermal comfort analysis and applications in environmental engineering},
  year={1970},
  publisher={Copenhagen: Danish Technical Press.}
}

@article{bradshaw2010human,
  title={Human comfort and health requirements},
  author={Bradshaw, V and Bradshaw, V},
  journal={The Building Environment: Active and Passive Control Systems},
  volume={1477477137},
  year={2010}
}

@book{vic2008workplace,
title = { Workplace amenities and work environment },
author = { WorkSafe Victoria },
publisher = { Melbourne : WorkSafe },
year = { 2008 },
edition = { Edition No. 1 },
}

@article{de1998developing,
  title={Developing an adaptive model of thermal comfort and preference/discussion},
  author={De Dear, Richard J and Brager, Gail Schiller and Reardon, James and Nicol, Fergus and others},
  journal={ASHRAE transactions},
  volume={104},
  pages={145},
  year={1998},
  publisher={American Society of Heating, Refrigeration and Air Conditioning Engineers, Inc.}
}

@article{yang2013development,
title = "Development of multi-agent system for building energy and comfort management based on occupant behaviors ",
journal = "Energy and Buildings ",
volume = "56",
number = "",
pages = "1 - 7",
year = "2013",
author = "Rui Yang and Lingfeng Wang",
}

@article{ward2010automate,
  title={Automate and motivate: behaviour-reliant building technology solutions for reducing greenhouse gas emissions},
  author={Ward, JK and Wall, Josh and White, SD},
  journal={Architectural Science Review},
  volume={53},
  number={1},
  pages={87--94},
  year={2010},
  publisher={Taylor \& Francis}
}

@article{egan2010the,
  title={The Potential Energy Savings through the Use of Adaptive Comfort Cooling Setpoints in Fully Air Conditioned Australian Office Buildings, a Simulation Study},
  author={Aileen, Egan},
  journal={Equilibrium Journal},
  year={2010},
  publisher={Australian Institute of Heating and Refrigeration Association}
}

@article{chew2015adaptive,
  title={Adaptive Thermal Comfort Model for Air-Conditioned Lecture Halls in Malaysia},
  author={Chew, BT and Kazi, SN and Amiri, A},
  journal={International Journal of Civil, Environmental, Structural, Construction and Architectural Engineering},
  volume={9},
  number={2},
  pages={150--157},
  year={2015}
}

@article{west2014trial,
  title={Trial Results from a Model Predictive Control and Optimisation System for Commercial Building {HVAC}},
  author={West, Samuel R and Ward, John K and Wall, Josh},
  journal={Energy and Buildings},
  year={2014},
  publisher={Elsevier}
}

@article{mui2003adaptive,
  title={Adaptive comfort temperature model of air-conditioned building in Hong Kong},
  author={Mui, Kwok Wai Horace and Chan, Wai Tin Daniel},
  journal={Building and environment},
  volume={38},
  number={6},
  pages={837--852},
  year={2003},
  publisher={Elsevier}
}

@incollection{schumann2010learning,
  title={Learning user preferences to maximise occupant comfort in office buildings},
  author={Schumann, Anika and Wilson, Nic and Burillo, Mateo},
  booktitle={Trends in Applied Intelligent Systems},
  pages={681--690},
  year={2010},
  publisher={Springer}
}

%----------------------------
%  Schedule
%----------------------------
@book{capehart2007web,
  title={Web based enterprise energy and building automation systems},
  author={Capehart, Barney L and Capehart, Lynne C},
  year={2007},
  publisher={The Fairmont Press, Inc.}
}


%----------------------------
%  Energy aware meeting scheduling
%----------------------------
@inproceedings{pan2012thermal,
  title={Thermal inertia: Towards an energy conservation room management system},
  author={Pan, Dawei and Yuan, Yi and Wang, Dan and Xu, Xiaohua and Peng, Yu and Peng, Xiyuan and Wan, Peng-Jun},
  booktitle={IEEE International Conference on Computer Communications},
  pages={2606--2610},
  year={2012},
  organization={IEEE}
}

@inproceedings{majumdar2012energy,
  title={Energy-aware meeting scheduling algorithms for smart buildings},
  author={Majumdar, Abhinandan and Albonesi, David H and Bose, Pradip},
  booktitle={ACM Workshop on Embedded Sensing Systems for Energy-Efficiency in Buildings},
  pages={161--168},
  year={2012},
  organization={ACM}
}

@inproceedings{majumdar2016characterising,
  title={Characterizing the Benefits and Limitations of Smart Building Meeting Room Scheduling},
  author={A. Majumdar and Z. Zhang and D.H. Albonesi},
  booktitle={International Conference on Cyber-Physical Systems},
  year={2016}
}

@article{klein2012coordinating,
  title={Coordinating occupant behavior for building energy and comfort management using multi-agent systems},
  author={Klein, Laura and Kwak, Jun-young and Kavulya, Geoffrey and Jazizadeh, Farrokh and Becerik-Gerber, Burcin and Varakantham, Pradeep and Tambe, Milind},
  journal={Automation in Construction},
  volume={22},
  pages={525--536},
  year={2012},
  publisher={Elsevier}
}

@inproceedings{kwak2013tesla,
  title={TESLA: An energy-saving agent that leverages schedule flexibility},
  author={Kwak, Jun-young and Varakantham, Pradeep and Maheswaran, Rajiv and Chang, Yu-Han and Tambe, Milind and Becerik-Gerber, Burcin and Wood, Wendy},
  booktitle={International Conference on Autonomous Agents and Multi-agent Systems},
  pages={965--972},
  year={2013}
}

@inproceedings{kwak2014building,
  title={Building THINC: User Incentivization and Meeting Rescheduling for Energy Savings},
  author={Kwak, Jun-young and Kar, Debarun and Haskell, William and Varakantham, Pradeep and Tambe, Milind},
  booktitle={International Conference on Autonomous Agents and Multi-agent Systems},
  pages={925--932},
  year={2014}
}

@inproceedings{chai2014minimizing,
  title={Minimizing commercial building cost in smart grid: An optimal meeting scheduling approach},
  author={Chai, Bo and Costa, Alberto and Ahipasaoglu, Selin Damla and Huang, Shisheng and Yuen, Chau and Yang, Zaiyue},
  booktitle={IEEE International Conference on Smart Grid Communications (SmartGridComm)},
  pages={764--769},
  year={2014},
  organization={IEEE}
}

@inproceedings{pan2013minimizing,
  title={Minimizing building electricity costs in a dynamic power market: Algorithms and impact on energy conservation},
  author={Pan, Dawei and Wang, Dan and Cao, Jiannong and Peng, Yu and Peng, Xiyuan},
  booktitle={IEEE Real-Time Systems Symposium (RTSS)},
  pages={107--117},
  year={2013},
  organization={IEEE}
}

@inproceedings{ono2012risk,
  title={Risk-sensitive plan execution for connected sustainable home},
  author={Ono, Masahiro and Graybill, Wesley and Williams, Brian C},
  booktitle={ACM Workshop on Embedded Sensing Systems for Energy-Efficiency in Buildings},
  pages={45--52},
  year={2012},
  organization={ACM}
}


%----------------------------
%  Meeting Stats/Analysis
%----------------------------
@article{kim2014learning,
  title={Learning about meetings},
  author={Kim, Been and Rudin, Cynthia},
  journal={Data Mining and Knowledge Discovery},
  volume={28},
  number={5-6},
  pages={1134--1157},
  year={2014},
  publisher={Springer}
}

@inproceedings{romano2001meeting,
  title={Meeting analysis: Findings from research and practice},
  author={Romano, Nicholas C and Nunamaker, Jay F},
  booktitle={Annual Hawaii International Conference on System Sciences},
  pages={13--pp},
  year={2001},
  organization={IEEE}
}

@inproceedings{tran2016smart,
  title={A smart meeting room scheduling and management system with utilization control and ad-hoc support based on real-time occupancy detection},
  author={Tran, Linh Duc and Stojcevski, Alex and Pham, Thanh Chi and de Souza-Daw, Tony and Nguyen, Nhan Trong and Nguyen, Vinh Quang and Nguyen, Chau Minh},
  booktitle={IEEE Communications and Electronics (ICCE)},
  pages={186--191},
  year={2016},
  organization={IEEE}
}

@article{modi2004multiagent,
  title={Multiagent meeting scheduling with rescheduling},
  author={Modi, Pragnesh Jay and Veloso, Manuela},
  journal={Distributed Constraint Reasoning (DCR)},
  volume={2004},
  year={2004},
  publisher={Citeseer}
}

@article{refanidis2010constraint,
  title={A constraint-based approach to scheduling an individual's activities},
  author={Refanidis, Ioannis and Yorke-Smith, Neil},
  journal={ACM Transactions on Intelligent Systems and Technology (TIST)},
  volume={1},
  number={2},
  pages={12},
  year={2010},
  publisher={ACM}
}

%----------------------------
%  LNS
%----------------------------
@inproceedings{shaw1998using,
  author    = {Paul Shaw},
  title     = {Using Constraint Programming and Local Search Methods to Solve Vehicle
               Routing Problems},
  booktitle = {International Conference on Principles and Practice of Constraint Programming (CP)},
  year      = {1998},
  pages     = {417--431}
}

@inproceedings{hutter2011sequential,
  author    = {Frank Hutter and
               Holger H. Hoos and
               Kevin Leyton{-}Brown},
  title     = {Sequential Model-Based Optimization for General Algorithm Configuration},
  booktitle = {International Conference on Learning and Intelligent Optimization (LION)},
  pages     = {507--523},
  year      = {2011}
}

@inproceedings{dickerson2015futurematch,
  title={FutureMatch: Combining Human Value Judgments and Machine Learning to Match in Dynamic Environments.},
  author={Dickerson, John P and Sandholm, Tuomas},
  booktitle={AAAI Conference on Artificial Intelligence (AAAI)},
  pages={622--628},
  year={2015}
}

@article{angermueller2016deep,
  title={Deep learning for computational biology},
  author={Angermueller, Christof and P{\"a}rnamaa, Tanel and Parts, Leopold and Stegle, Oliver},
  journal={Molecular systems biology},
  volume={12},
  number={7},
  pages={878},
  year={2016},
  publisher={EMBO Press}
}

@article{vaswani2016adaptive,
  title={Adaptive Influence Maximization in Social Networks: Why Commit when You can Adapt?},
  author={Vaswani, Sharan and Lakshmanan, Laks VS},
  journal={arXiv preprint arXiv:1604.08171},
  year={2016}
}

@article{bergstra2012random,
  title={Random search for hyper-parameter optimization},
  author={Bergstra, James and Bengio, Yoshua},
  journal={Journal of Machine Learning Research},
  volume={13},
  number={Feb},
  pages={281--305},
  year={2012}
}

@inproceedings{thornton2013auto,
  title={Auto-WEKA: Combined selection and hyperparameter optimization of classification algorithms},
  author={Thornton, Chris and Hutter, Frank and Hoos, Holger H and Leyton-Brown, Kevin},
  booktitle={ACM SIGKDD International Conference on Knowledge Discovery and Data Mining},
  pages={847--855},
  year={2013},
  organization={ACM}
}

@inproceedings{malitsky2013tuning,
  title={Tuning Parameters of Large Neighborhood Search for the Machine Reassignment Problem},
  author={Malitsky, Yuri and Mehta, Deepak and O'Sullivan, Barry and Simonis, Helmut},
  booktitle={Integration of AI and OR Techniques in Constraint Programming (CPAIOR)},
  pages={176--192},
  year={2013}
}

@inproceedings{lebras2013robust,
  title={Robust Network Design For Multispecies Conservation.},
  author={LeBras, Ronan and Dilkina, Bistra N and Xue, Yexiang and Gomes, Carla P and McKelvey, Kevin S and Schwartz, Michael K and Montgomery, Claire A},
  booktitle={AAAI Conference on Artificial Intelligence (AAAI)},
  pages={1305-1312},
  year={2013}
}

@INPROCEEDINGS{gaspero2013constraint,
  AUTHOR =       {Di Gaspero, Luca and Rendl, Andrea and Urli, Tommaso},
  TITLE =        {Constraint-based approaches for balancing bike sharing systems},
  BOOKTITLE =    {International Conference on Principles and Practice of Constraint Programming (CP)},
	pages =        {758-773},
  YEAR =         {2013}  
}

@inproceedings{rendl2012hybrid,
  title={Hybrid heuristics for multimodal homecare scheduling},
  author={Rendl, Andrea and Prandtstetter, Matthias and Hiermann, Gerhard and Puchinger, Jakob and Raidl, G{\"u}nther},
  booktitle={Integration of AI and OR Techniques in Constraint Programming (CPAIOR)},
  pages={339--355},
  year={2012}
}

@inproceedings{danna2003structured,
  title={Structured vs. unstructured large neighborhood search: A case study on job-shop scheduling problems with earliness and tardiness costs},
  author={Danna, Emilie and Perron, Laurent},
  booktitle={International Conference on Principles and Practice of Constraint Programming (CP)},
  pages={817--821},
  year={2003}
}

@article{danna2005exploring,
  title={Exploring relaxation induced neighborhoods to improve MIP solutions},
  author={Danna, Emilie and Rothberg, Edward and Le Pape, Claude},
  journal={Mathematical Programming},
  volume={102},
  number={1},
  pages={71--90},
  year={2005},
  publisher={Springer}
}

@article{abdullah2007tabu,
  title={A tabu-based large neighbourhood search methodology for the capacitated examination timetabling problem},
  author={Abdullah, Salwani and Ahmadi, Samad and Burke, Edmund K and Dror, Moshe and McCollum, Barry},
  journal={Journal of the Operational Research Society},
  volume={58},
  number={11},
  pages={1494--1502},
  year={2007},
  publisher={Nature Publishing Group}
}

@inproceedings{di2002multi,
  title={Multi-neighbourhood local search with application to course timetabling},
  author={Di Gaspero, Luca and Schaerf, Andrea},
  booktitle={International Conference on the Practice and Theory of Automated Timetabling (PATAT)},
  pages={262--275},
  year={2002},
  organization={Springer}
}

@inproceedings{merlot2002hybrid,
  title={A hybrid algorithm for the examination timetabling problem},
  author={Merlot, Liam TG and Boland, Natashia and Hughes, Barry D and Stuckey, Peter J},
  booktitle={International Conference on the Practice and Theory of Automated Timetabling (PATAT)},
  pages={207--231},
  year={2002},
  organization={Springer}
}

@article{pisinger2007general,
  title={A general heuristic for vehicle routing problems},
  author={Pisinger, David and Ropke, Stefan},
  journal={Computers \& Operations Research},
  volume={34},
  number={8},
  pages={2403--2435},
  year={2007},
  publisher={Elsevier}
}

@article{bent2004two,
  title={A two-stage hybrid local search for the vehicle routing problem with time windows},
  author={Bent, Russell and Van Hentenryck, Pascal},
  journal={Transportation Science},
  volume={38},
  number={4},
  pages={515--530},
  year={2004},
  publisher={INFORMS}
}

@inproceedings{kilby2011flexible,
  title={Flexible routing combing constraint programming, large neighbourhood search, and feature-based insertion},
  author={Kilby, Philip and Verden, Andrew},
  booktitle={Workshop on Artificial Intelligence and Logistics},
  pages={43--49},
  year={2011}
}

@article{quimper2010large,
  title={A large neighbourhood search approach to the multi-activity shift scheduling problem},
  author={Quimper, Claude-Guy and Rousseau, Louis-Martin},
  journal={Journal of Heuristics},
  volume={16},
  number={3},
  pages={373--392},
  year={2010},
  publisher={Springer}
}

@article{bilgin2012local,
  title={Local search neighbourhoods for dealing with a novel nurse rostering model},
  author={Bilgin, Burak and De Causmaecker, Patrick and Rossie, Beno{\^\i}t and Berghe, Greet Vanden},
  journal={Annals of Operations Research},
  volume={194},
  number={1},
  pages={33--57},
  year={2012},
  publisher={Springer}
}

@inproceedings{meyers2006very,
  title={Very large-scale neighborhood search techniques in timetabling problems},
  author={Meyers, Carol and Orlin, James B},
  booktitle={International Conference on the Practice and Theory of Automated Timetabling (PATAT)},
  pages={24--39},
  year={2006},
  organization={Springer}
}

@article{abdullah2007investigating,
  title={Investigating Ahuja--Orlin's large neighbourhood search approach for examination timetabling},
  author={Abdullah, Salwani and Ahmadi, Samad and Burke, Edmund K and Dror, Moshe},
  journal={OR Spectrum},
  volume={29},
  number={2},
  pages={351--372},
  year={2007},
  publisher={Springer}
}

@article{burke2010hybrid,
  title={Hybrid variable neighbourhood approaches to university exam timetabling},
  author={Burke, Edmund K and Eckersley, Adam J and McCollum, Barry and Petrovic, Sanja and Qu, Rong},
  journal={European Journal of Operational Research},
  volume={206},
  number={1},
  pages={46--53},
  year={2010},
  publisher={Elsevier}
}

@inproceedings{mehta2012comparing,
  title={Comparing solution methods for the machine reassignment problem},
  author={Mehta, Deepak and O'Sullivan, Barry and Simonis, Helmut},
  booktitle={International Conference on Principles and Practice of Constraint Programming (CP)},
  pages={782--797},
  year={2012},
  organization={Springer}
}


%----------------------------
%  HVAC control companies white papers/slides
%----------------------------
@article{klee2011seven,
  title={Seven steps to maximizing central plant efficiency},
  author={Klee, David and Gigot, Gary},
  journal={Johnson Controls White Paper},
  pages={6},
  year={2011}
}

@misc{smith2011energy,
  title={Energy-smart buildings: Demonstrating how information technology can cut energy use and costs of real estate portfolios},
  author={Smith, Darrell and Henretig, Josh and Pittenger, Jay and Bernard, Rob and Kofmehl, Andri and Levine, Abigail and Falco, Greg and Schmidt, Kreg and Granderson, Jessica and Piette, Mary Ann},
  year={2011},
  publisher={Accenture USA}
}

@misc{lu2012integrated,
title = {Integrated and intelligent building energy management control system},
author = {Yan, Lu},
year = {2012},
publisher={Accenture USA},
url = {https://goo.gl/DQ7GV3}
}

@misc{biq2014managing,
title = {Managing Maximum Demand Through Optimization},
author = {Building-IQ},
year = {2014},
url = {https://goo.gl/Uh2Fs4}
}

@misc{biq2014moving,
title = {Moving from Connected Buildings to Smart Buildings},
author = {Building-IQ},
year = {2014},
url = {https://goo.gl/MqkWpc}
}

@misc{honeywell2016hvac,
title = {HVAC and Building Management Systems - Enable Smarter Buildings},
author = {Honeywell},
year = {2016},
url = {https://goo.gl/J80aaH}
}


%----------------------------
%  Robust Optimization
%----------------------------
@incollection{babonneau2009robust,
  title={Robust optimization for environmental and energy planning},
  author={Babonneau, F and Vial, J-P and Apparigliato, R},
  booktitle={Uncertainty and Environmental Decision Making},
  pages={79--126},
  year={2009},
  publisher={Springer}
}

@article{hijazi2013robust,
  title={Robust delay-constrained routing in telecommunications},
  author={Hijazi, Hassan and Bonami, Pierre and Ouorou, Adam},
  journal={Annals of Operations Research},
  volume={206},
  number={1},
  pages={163--181},
  year={2013},
  publisher={Springer}
}

@ARTICLE{BenT98,
	AUTHOR       = "A. Ben-Tal and A. Nemirovski",
	TITLE        = "Robust convex optimization",
	JOURNAL      = "Mathematics of operations research",
	YEAR         = "1998",
	VOLUME       = "23",
	NUMBER		 = "4",
	PAGES        = "769-805",
}

@ARTICLE{BenT99,
	AUTHOR       = "A. Ben-Tal and A. Nemirovski",
	TITLE        = "Robust solutions to uncertain linear programs",
	JOURNAL      = "OR Lett.",
	YEAR         = "1999",
	VOLUME       = "25",
	PAGES        = "1-13",
}

@article{ben2000robust,
  title={Robust solutions of linear programming problems contaminated with uncertain data},
  author={Ben-Tal, Aharon and Nemirovski, Arkadi},
  journal={Mathematical programming},
  volume={88},
  number={3},
  pages={411--424},
  year={2000},
  publisher={Springer}
}

@article{Elgh97,
    author = {El Ghaoui, L. and Lebret, H.},
    journal = {SIAM Journal on Matrix Analysis and Applications},    
    pages = {1035--1064},
    title = {Robust Solutions To Least-Squares Problems With Uncertain Data},
    volume = {18},
    year = {1997}
}

%----------------------------
%  Robust HVAC
%----------------------------
@article{anderson2008mimo,
  title={MIMO robust control for HVAC systems},
  author={Anderson, Michael and Buehner, Michael and Young, Peter and Hittle, Douglas and Anderson, Charles and Tu, Jilin and Hodgson, David},
  journal={IEEE Transactions on Control Systems Technology},
  volume={16},
  number={3},
  pages={475--483},
  year={2008},
  publisher={IEEE}
}

@article{al2004robust,
  title={Robust decentralized control of HVAC systems using H-performance measures},
  author={Al-Assadi, SAK and Patel, RV and Zaheer-Uddin, M and Verma, MS and Breitinger, J},
  journal={Journal of the Franklin Institute},
  volume={341},
  number={7},
  pages={543--567},
  year={2004},
  publisher={Elsevier}
}

@article{xu2010robust,
  title={Robust MPC for temperature control of air-conditioning systems concerning on constraints and multitype uncertainties},
  author={Xu, Xinhua and Wang, Shengwei and Huang, Gongsheng},
  journal={Building Services Engineering Research and Technology},
  volume={31},
  number={1},
  pages={39--55},
  year={2010},
  publisher={Sage Publications}
}

@article{fong2008robust,
  title={A robust evolutionary algorithm for HVAC engineering optimization},
  author={Fong, Kwong Fai and Hanby, Victor Ian and Chow, Tin Tai},
  journal={HVAC\&R Research},
  volume={14},
  number={5},
  pages={683--705},
  year={2008},
  publisher={Taylor \& Francis}
}

@article{huang2009robust,
  title={A robust model predictive control strategy for improving the control performance of air-conditioning systems},
  author={Huang, Gongsheng and Wang, Shengwei and Xu, Xinhua},
  journal={Energy Conversion and Management},
  volume={50},
  number={10},
  pages={2650--2658},
  year={2009},
  publisher={Elsevier}
}

@article{huang2011Model,
title = "Model predictive control of \{VAV\} zone thermal systems concerning bi-linearity and gain nonlinearity ",
journal = "Control Engineering Practice ",
volume = "19",
number = "7",
pages = "700 - 710",
year = "2011",
author = "Gongsheng Huang",
}





%----------------------------
%  Energy-aware scheduling
%----------------------------
@inproceedings{ifrim2012properties,
  title={Properties of energy-price forecasts for scheduling},
  author={Ifrim, Georgiana and O'Sullivan, Barry and Simonis, Helmut},
  booktitle={International Conference on Principles and Practice of Constraint Programming (CP)},
  pages={957--972},
  year={2012},
  organization={Springer}
}

@inproceedings{dupont2012energy,
  title={An energy aware framework for virtual machine placement in cloud federated data centres},
  author={Dupont, Corentin and Giuliani, Giovanni and Hermenier, Fabien and Schulze, Thomas and Somov, Andrey},
  booktitle={International Conference on Future Energy Systems: Where Energy, Computing and Communication Meet (e-Energy)},
  pages={1--10},
  year={2012},
  organization={IEEE}
}

@inproceedings{scott2013residential,
  title={Residential demand response under uncertainty},
  author={Scott, Paul and Thi{\'e}baux, Sylvie and {van den Briel}, Menkes and {Van Hentenryck}, Pascal},
  booktitle={International Conference on Principles and Practice of Constraint Programming (CP)},
  pages={645--660},
  year={2013},
  organization={Springer}
}


%----------------------------
%  Online scheduling & MPC
%----------------------------

@inproceedings{gallagher2006incremental,
  title={Incremental Scheduling to Maximize Quality in a Dynamic Environment.},
  author={Gallagher, Anthony and Zimmerman, Terry L and Smith, Stephen F},
  booktitle={International Conference on Automated Planning and Scheduling (ICAPS)},
  pages={222--232},
  year={2006}
}

@article{pagnoncelli2009sample,
  title={Sample average approximation method for chance constrained programming: theory and applications},
  author={Pagnoncelli, BK and Ahmed, Shabbir and Shapiro, A},
  journal={Journal of Optimization Theory and Applications},
  volume={142},
  number={2},
  pages={399--416},
  year={2009},
  publisher={Springer}
}

@article{wang2010fast,
  title={Fast model predictive control using online optimization},
  author={Wang, Yang and Boyd, Stephen},
  journal={IEEE Transactions on Control Systems Technology},
  volume={18},
  number={2},
  pages={267--278},
  year={2010},
  publisher={IEEE}
}

@inproceedings{jost2013accelerating,
  title={Accelerating online MPC with partial explicit information and linear storage complexity in the number of constraints},
  author={Jost, Michael and M{\"o}nnigmann, Martin},
  booktitle={European Control Conference (ECC)},
  pages={35--40},
  year={2013},
  organization={IEEE}
}

@inproceedings{wang2009towards,
  title={Towards thermal aware workload scheduling in a data center},
  author={Wang, Lizhe and Von Laszewski, Gregor and Dayal, Jai and He, Xi and Younge, Andrew J and Furlani, Thomas R},
  booktitle={International Symposium on Pervasive Systems, Algorithms, and Networks},
  pages={116--122},
  year={2009},
  organization={IEEE}
}

@article{kliazovich2013dens,
  title={DENS: data center energy-efficient network-aware scheduling},
  author={Kliazovich, Dzmitry and Bouvry, Pascal and Khan, Samee Ullah},
  journal={Cluster Computing},
  volume={16},
  number={1},
  pages={65--75},
  year={2013},
  publisher={Springer}
}

@article{mohsenian2010optimal,
  title={Optimal residential load control with price prediction in real-time electricity pricing environments},
  author={Mohsenian-Rad, Amir-Hamed and Leon-Garcia, Alberto},
  journal={IEEE Transactions on Smart Grid},
  volume={1},
  number={2},
  pages={120--133},
  year={2010},
  publisher={IEEE}
}

@book{golden2008vehicle,
  title={The vehicle routing problem: latest advances and new challenges},
  author={Golden, Bruce L and Raghavan, Subramanian and Wasil, Edward A},
  volume={43},
  year={2008},
  publisher={Springer Science \& Business Media}
}

@article{mulvey2004financial,
  title={Financial planning via multi-stage stochastic optimization},
  author={Mulvey, John M and Shetty, Bala},
  journal={Computers \& Operations Research},
  volume={31},
  number={1},
  pages={1--20},
  year={2004},
  publisher={Elsevier}
}

@article{hatono1991modeling,
  title={Modeling and online scheduling of flexible manufacturing systems using stochastic Petri nets},
  author={Hatono, Itsuo and Yamagata, Keiichi and Tamura, Hiroyuki},
  journal={IEEE Transactions on Software Engineering},
  volume={17},
  number={2},
  pages={126--132},
  year={1991},
  publisher={IEEE}
}

%----------------------------
%  Symmetry
%----------------------------
@book{ostrowski2010symmetry,
  title={Symmetry in scheduling problems},
  author={Ostrowski, James and Anjos, Miguel F and Vannelli, Anthony},
  year={2010},
  publisher={Citeseer}
}

@incollection{margot2010symmetry,
  title={Symmetry in integer linear programming},
  author={Margot, Fran{\c{c}}ois},
  booktitle={50 Years of Integer Programming 1958-2008},
  pages={647--686},
  year={2010},
  publisher={Springer}
}

@article{ostrowski2015modified,
  title={Modified orbital branching for structured symmetry with an application to unit commitment},
  author={Ostrowski, James and Anjos, Miguel F and Vannelli, Anthony},
  journal={Mathematical Programming},
  volume={150},
  number={1},
  pages={99--129},
  year={2015},
  publisher={Springer}
}


%----------------------------
%  Passive Buildings
%----------------------------
@article{henze2004evaluation,
  title={Evaluation of optimal control for active and passive building thermal storage},
  author={Henze, Gregor P and Felsmann, Clemens and Knabe, Gottfried},
  journal={International Journal of Thermal Sciences},
  volume={43},
  number={2},
  pages={173--183},
  year={2004},
  publisher={Elsevier}
}

@article{sadineni2011passive,
  title={Passive building energy savings: A review of building envelope components},
  author={Sadineni, Suresh B and Madala, Srikanth and Boehm, Robert F},
  journal={Renewable and Sustainable Energy Reviews},
  volume={15},
  number={8},
  pages={3617--3631},
  year={2011},
  publisher={Elsevier}
}

%----------------------------
%  CP
%----------------------------
@inproceedings{feydy2016interval,
  title={Interval Constraints with Learning: Application to Air Traffic Control},
  author={Feydy, Thibaut and Stuckey, Peter J},
  booktitle={International Conference on Principles and Practice of Constraint Programming (CP)},
  pages={224--232},
  year={2016},
  organization={Springer}
}

@phdthesis{chu2011improving,
  title={Improving combinatorial optimization},
  author={Chu, Geoffrey G},
  year={2011}
}

@phdthesis{schutt2011improving,
  title={Improving scheduling by learning},
  author={Schutt, Andreas},
  year={2011}
}